% Encoding: UTF-8

%%%
%
%Beim Erstellen der Bibtex-Datei wird empfohlen darauf zu achten, dass die DOI aufgeführt wird.
%
%%%

@online{FrappeIo,
author = {{Frappé Technologies}},
title = {Frappe: Frameworks + Apps},
url = {https://frappe.io/},
month = {},
year = {2018},
urldate = {2018-06-11}
}

@online{GhBench,
author = {{Frappé Technologies}},
title = {GitHub - frappe/bench: Multi-tenant platform to install and manage Frappe / ERPNext},
url = {https://github.com/frappe/bench},
month = {},
year = {2018},
urldate = {2018-06-11}
}

@online{GhBenchManager,
author = {{Frappé Technologies}},
title = {GitHub - frappe/bench\_manager: Bench made Simple},
url = {https://github.com/frappe/bench_manager},
month = {},
year = {2018},
urldate = {2018-06-13}
}

@online{GhBenchSsl,
author = {{Frappé Technologies}},
title = {GitHub - Setting up SSL certificates from Let's Encrypt for sites},
url = {https://github.com/frappe/bench/wiki/Setting-up-SSL-certificates-from-Let's-Encrypt-for-sites},
month = {},
year = {2018},
urldate = {2018-06-13}
}

@online{Ubuntu,
author = {{Canonical}},
title = {Releases - Ubuntu Wiki},
url = {https://wiki.ubuntu.com/Releases},
month = {},
year = {2018},
urldate = {2018-06-15}
}

@online{Xubuntu16,
author = {{Xubuntu Team}},
title = {16.04 Releases Xubuntu},
url = {https://xubuntu.org/release/16-04/},
month = {},
year = {2016},
urldate = {2018-06-15}
}

@online{ProdVsDev,
author = {Akarsh Hegde},
title = {Difference between Production and Developer Mode - Discuss Frappe/ERPNext},
url = {https://discuss.erpnext.com/t/difference-between-production-and-developer-mode/6409},
month = {},
year = {2015},
urldate = {2018-06-15}
}

@online{GhGuide,
author = {{Frappé Technologies}},
title = {The Hitchhiker's Guide to Installing Frappé on Linux OS · frappe/frappe Wiki},
url = {https://github.com/frappe/frappe/wiki/The-Hitchhiker's-Guide-to-Installing-Frapp%C3%A9-on-Linux-OS},
month = {},
year = {2018},
urldate = {2018-06-17}
}

@online{Vagrant,
author = {{HashiCorp}},
title = {Vagrant},
url = {https://www.vagrantup.com/},
month = {},
year = {2018},
urldate = {2018-06-17}
}

@online{GhFrappeDocker,
author = {{Frappé Technologies}},
title = {frappe/frappe\_docker: Docker image for frappe-bench},
url = {https://github.com/frappe/frappe_docker/},
month = {},
year = {2018},
urldate = {2018-06-17}
}

@online{DockerERPNext,
author = {Ridho Sribumi},
title = {https://hub.docker.com/r/lukptr/erpnext7/},
url = {https://hub.docker.com/r/lukptr/erpnext7/},
month = {},
year = {2018},
urldate = {2018-06-18}
}

@online{ERPNextDiscuss,
author = {{Frappé Technologies}},
title = {Discuss Frappe/ERPNext},
url = {https://discuss.erpnext.com/},
month = {},
year = {2018},
urldate = {2018-06-18}
}

@online{ERPNextTranslate,
author = {{Frappé Technologies}},
title = {ERPNext Translator},
url = {https://translate.erpnext.com/},
month = {},
year = {2018},
urldate = {2018-06-25}
}
%@Comment{jabref-meta: databaseType:biblatex;}
